%% This BibTeX bibliography file was created using BibDesk.
%% http://bibdesk.sourceforge.net/


%% Created for Luke de Oliveira at 2013-11-29 18:40:50 -0800 


%% Saved with string encoding Unicode (UTF-8) 


@inproceedings{ROOT,
  added-at = {2007-09-22T20:12:41.000+0200},
  author = {Brun, Rene and Rademakers, Fons},
  biburl = {http://www.bibsonomy.org/bibtex/23e8ec28f6af6603af750bf9f3160abaf/stuartw},
  booktitle = {AIHENP'96 Workshop, Lausane},
  citeulike-article-id = {363715},
  date-added = {2006-11-01 13:16:32 +0000},
  date-modified = {2007-03-26 15:09:52 +0100},
  howpublished = {http://root.cern.ch/},
  interhash = {0c0662965bb1c7f9dfc33ed734d3dcce},
  intrahash = {3e8ec28f6af6603af750bf9f3160abaf},
  journal = {Nucl. Inst. \& Meth. in Phys. Res. A},
  keywords = {computing},
  pages = {81--86},
  priority = {0},
  timestamp = {2007-09-22T20:12:41.000+0200},
  title = {ROOT - An Object Oriented Data Analysis Framework},
  volume = 389,
  year = 1996
}

@article{trainingdifficulty,
	Author = {Xavier Glorot, Yoshua Bengio;},
	Date-Added = {2013-11-24 23:42:22 +0000},
	Date-Modified = {2013-11-24 23:43:50 +0000},
	Journal = {Journal of Machine Learning Research},
	Month = {March},
	Pages = {249-256},
	Title = {Understanding the difficulty of training deep feedforward neural networks},
	Volume = {9},
	Year = {2010}}

@article{Xu:2011fk,
	Author = {Zhixiang Eddie Xu and Kilian Q. Weinberger and Fei Sha},
	Date-Added = {2013-11-18 19:09:16 +0000},
	Date-Modified = {2013-11-18 19:09:26 +0000},
	Eprint = {1105.0972},
	Month = {05},
	Title = {Rapid Feature Learning with Stacked Linear Denoisers},
	Url = {http://arxiv.org/abs/1105.0972},
	Year = {2011},
	Bdsk-Url-1 = {http://arxiv.org/abs/1105.0972}}

@article{Bengio:2007uq,
	Author = {Yoshua Bengio and Bengio, Yoshua and Lamblin, Pascal and Popovici, Dan and Larochelle, Hugo and De Montr{\'e}al, Universit{\'e} and Qu{\'e}bec, Montr{\'e}al"},
	Date-Added = {2013-11-18 16:08:10 +0000},
	Date-Modified = {2013-11-18 16:08:10 +0000},
	Doi = {10.1.1.70.2022},
	Journal = {IN NIPS},
	Title = {Greedy layer-wise training of deep networks},
	Year = {2007},
	Bdsk-Url-1 = {http://citeseerx.ist.psu.edu/viewdoc/summary?doi=10.1.1.70.2022}}

@article{Vincent:2010fk,
	Author = {Pascal Vincent and Vincent, Pascal and Larochelle, Hugo and Lajoie, Isabelle and Bengio, Yoshua and Manzagol, Pierre-antoine"},
	Date-Added = {2013-11-18 16:07:41 +0000},
	Date-Modified = {2013-11-18 16:07:41 +0000},
	Doi = {10.1.1.297.3484},
	Pages = {3371--3408},
	Title = {Stacked denoising autoencoders: learning useful representations in a deep network with a local denoising criterion},
	Year = {2010},
	Bdsk-Url-1 = {http://citeseerx.ist.psu.edu/viewdoc/summary?doi=10.1.1.297.3484}}

@article{Larochelle:2009:EST:1577069.1577070,
	Acmid = {1577070},
	Author = {Larochelle, Hugo and Bengio, Yoshua and Louradour, J{\'e}r\^{o}me and Lamblin, Pascal},
	Date-Added = {2013-11-18 16:07:11 +0000},
	Date-Modified = {2013-11-18 16:07:11 +0000},
	Issn = {1532-4435},
	Issue_Date = {12/1/2009},
	Journal = {J. Mach. Learn. Res.},
	Month = jun,
	Numpages = {40},
	Pages = {1--40},
	Publisher = {JMLR.org},
	Title = {Exploring Strategies for Training Deep Neural Networks},
	Url = {http://dl.acm.org/citation.cfm?id=1577069.1577070},
	Volume = {10},
	Year = {2009},
	Bdsk-Url-1 = {http://dl.acm.org/citation.cfm?id=1577069.1577070}}

@inproceedings{features,
	Author = {Quoc Le and Marc'Aurelio Ranzato and Rajat Monga and Matthieu Devin and Kai Chen and Greg Corrado and Jeff Dean and Andrew Ng},
	Booktitle = {International Conference in Machine Learning},
	Date-Added = {2013-11-18 16:05:49 +0000},
	Date-Modified = {2013-11-24 23:47:45 +0000},
	Title = {Building high-level features using large scale unsupervised learning},
	Year = 2012}

@inproceedings{Vincent2008,
	Acmid = {1390294},
	Address = {New York, NY, USA},
	Author = {Vincent, Pascal and Larochelle, Hugo and Bengio, Yoshua and Manzagol, Pierre-Antoine},
	Booktitle = {Proceedings of the 25th International Conference on Machine Learning},
	Date-Added = {2013-11-17 19:41:00 +0000},
	Date-Modified = {2013-11-17 19:41:10 +0000},
	Doi = {10.1145/1390156.1390294},
	Isbn = {978-1-60558-205-4},
	Location = {Helsinki, Finland},
	Numpages = {8},
	Pages = {1096--1103},
	Publisher = {ACM},
	Series = {ICML '08},
	Title = {Extracting and Composing Robust Features with Denoising Autoencoders},
	Url = {http://doi.acm.org/10.1145/1390156.1390294},
	Year = {2008},
	Bdsk-Url-1 = {http://doi.acm.org/10.1145/1390156.1390294},
	Bdsk-Url-2 = {http://dx.doi.org/10.1145/1390156.1390294}}

@article{Bengio2009LearningDeep,
	Acmid = {1658424},
	Address = {Hanover, MA, USA},
	Author = {Bengio, Yoshua},
	Date-Added = {2013-11-18 15:51:31 +0000},
	Date-Modified = {2013-11-18 15:51:47 +0000},
	Doi = {10.1561/2200000006},
	Issn = {1935-8237},
	Issue_Date = {January 2009},
	Journal = {Found. Trends Mach. Learn.},
	Month = jan,
	Number = {1},
	Numpages = {127},
	Pages = {1--127},
	Publisher = {Now Publishers Inc.},
	Title = {Learning Deep Architectures for AI},
	Url = {http://dx.doi.org/10.1561/2200000006},
	Volume = {2},
	Year = {2009},
	Bdsk-Url-1 = {http://dx.doi.org/10.1561/2200000006}}
